This file was created with JabRef 1.7.1.
Encoding: ISO8859_1

@Article{Albrecht2011,
AUTHOR = {Albrecht, T. and Martin, M. and Haseloff, M. and Winkelmann, R. and Levermann, A.},
TITLE = {Parameterization for subgrid-scale motion of ice-shelf calving fronts},
JOURNAL = {The Cryosphere},
VOLUME = {5},
YEAR = {2011},
NUMBER = {1},
PAGES = {35--44},
DOI = {10.5194/tc-5-35-2011}
}

@article{AsayDavis2016,
author = {Asay-Davis, X. S. and Cornford, S. L. and Durand, G. and Galton-Fenzi, B. K. and Gladstone, R. M. and Gudmundsson, G. H. and Hattermann, T. and Holland, D. M. and Holland, D. and Holland, P. R. and Martin, D. F. and Mathiot, P. and Pattyn, F. and Seroussi, H.},
title = {Experimental design for three interrelated marine ice sheet and ocean model intercomparison projects: MISMIP v. 3 (MISMIP+), ISOMIP v. 2 (ISOMIP+) and MISOMIP v. 1 (MISOMIP1)},
journal = {Geosci. Model Dev.},
volume = {9},
year = {2016},
pages = {2471--2497},
doi = {10.5194/gmdd-9-2471-2016}
}

@Article{Aschwanden2013,
AUTHOR = {Aschwanden, A. and Adalgeirsd\'ottir, G. and Khroulev, C.},
TITLE = {Hindcasting to measure ice sheet model sensitivity to initial states},
JOURNAL = {The Cryosphere},
VOLUME = {7},
YEAR = {2013},
NUMBER = {4},
PAGES = {1083--1093},
DOI = {10.5194/tc-7-1083-2013}
}

@Article{Aschwanden2016,
AUTHOR = {Aschwanden, A. and Fahnestock, M. A. and Truffer, M.},
TITLE = {Complex Greenland outlet glacier flow captured},
JOURNAL = {Nat. Commun.},
YEAR = {2016},
VOLUME = {7},
DOI = {10.1038/ncomms10524}
}

@BOOK{Benn1998,
  title = {Glaciers \& Glaciation},
  publisher = {Arnold},
  year = {1998},
  author = {D. I. Benn and D. J. Evans},
  address = {London},
  keywords = {glac},
}

@article{Bindschadler1983,
author = {R. Bindschadler},
journal = {J. Glaciol.},
pages = {3--19},
title = {{The importance of pressurized subglacial water in separation and sliding at the glacier bed}},
volume = {29},
year = {1983}
}

@article{BLATTER:1995wz,
author = {Blatter, H.},
title = {{Velocity and stress fields in grounded glaciers - a simple algorithm for including deviatoric stress gradients}},
journal = {J. Glaciol.},
year = {1995},
volume = {41},
number = {138},
pages = {333--344}
}

@Article{Bocek:2009,
  author   	= {Tim Bocek},
  title    	= {Integration of Higher-Order Physics in the Community Ice Sheet Model: Scientific and Software Concerns},
  year   	= {2009},
  pages   	= {59-70},
  journal   	= {Unpublished}
}

@ARTICLE{Boulton1987,
  author = {Boulton, G. S. and Hindmarsh, C. A.},
  title = {Sediment deformation beneath glaciers: {R}heology and geological consequences},
  journal = {J. Geophys. Res.},
  year = {1987},
  volume = {92},
  pages = {9059-9082},
  number = {B9},
  keywords = {erosion},
  owner = {mhagdorn},
}

@ARTICLE{Boulton1996,
  author = {G. S. Boulton},
  title = {The origin of till sequences by subglacial sediment deformation beneath mid--latitude ice sheets},
  journal = {Ann. Glaciol.},
  year = {1996},
  volume = {22},
  pages = {75-84},
  keywords = {erosion},
}

@ARTICLE{Boulton1996a,
  author = {G. S. Boulton},
  title = {Theory of glacial erosion, transport and deposition as a consequence of subglacial sediment deformation},
  journal = {J. of Glaciol.},
  year = {1996},
  volume = {42},
  pages = {43-62},
  keywords = {erosion},
}


@article{Budd1979,
author = {Budd, W.F. and Keage, P.L. and Blundy, N.A.},
journal = {J. Glaciol.},
number = {89},
pages = {157--170},
title = {{Empirical studies of ice sliding}},
volume = {23},
year = {1979}
}

@article{Bueler2005,
author = {Bueler, Ed and Lingle, Craig S. and Kallen-Brown, Jed A. and Covey, David N. and Bowman, Latrice N.},
doi = {10.3189/172756505781829449},
journal = {J. Glaciol.},
number = {173},
pages = {291--306},
title = {{Exact solutions and verification of numerical models for isothermal ice sheets}},
volume = {51},
year = {2005}
}

@article{bueler:2007,
	author = {Ed Bueler},
	title = {Exact solutions to the thermomechanically coupled shallow-ice approximation: effective tools for verification},
	journal = {J. Glaciol.},
	year = {2007}
}

@article{Bueler:2009ee,
author = {Bueler, Ed and Brown, Jed},
title = {{Shallow shelf approximation as a ``sliding law'' in a thermomechanically coupled ice sheet model}},
journal = {J. Geophys. Res.},
year = {2009},
volume = {114},
number = {F3},
pages = {1--21},
month = jul
}

@ARTICLE{Celia1990,
  author = {Celia, M. A. and Russell, T. F. and Herrera, I. and Ewing, R. E.},
  title = {An {Eulerian--Lagrangian} localized adjoint method for the advection--diffusion equation},
  journal = {Advances in Water Resources},
  year = {1990},
  volume = {13},
  pages = {187--206},
  number = {4},
  keywords = {transport},
  owner = {mhagdorn},
}

@ARTICLE{Clarke1987,
  author = {Clarke, G. K. C},
  title = {Subglacial till: a physical framework for its properties and processes},
  journal = {J. Geophys. Res.},
  year = {1987},
  volume = {92},
  pages = {9023--9036},
  number = {B9},
  keywords = {erosion},
  owner = {mhagdorn},
}

@article{Cornford2013,
author = {Cornford, S. L. and Martin, D. F. and Graves, D. T. and Ranken, D. R. and Le Brocq, A. M. and Gladstone, R. M. and Payne, A. J. and Ng, E. G. and Lipscomb, W. H.},
title = {Adaptive mesh, finite volume modeling of marine ice sheets}, 
journal = {J. Comput. Phys.},
volume = {232},
pages = {529--549},
year = {2013}
}

@book{Cuffey2010,
address = {Amsterdam},
author = {Cuffey, K. and Paterson, W. S. B.},
edition = {4th},
pages = {704},
publisher = {Butterworth-Heinneman},
title = {{The Physics of Glaciers}},
year = {2010}
}

@Article{Decyk1997,
  author = 	 {V. Decyk and C. Norton and B. K. Szymanski},
  title = 	 {How to express {C}++ concepts in {Fortran} 90},
  journal = 	 {Scientific Programming},
  year = 	 {1997},
  volume = 	 {6},
  number = 	 {4},
  pages = 	 {363--390},
}

@Article{Dukowicz2000,
  author =       {J. K. Dukowicz and J. R. Baumgardner},
  title =        {Incremental remapping as a transport/advection algorithm},
  journal =      {J. Comput. Phys.},
  year =         2000,
  volume =       160,
  pages =        {318--335},
}

@article{DUKOWICZ:2010wb,
author = {J. K. Dukowicz and S. F. Price and W. H. Lipscomb},
title = {{Consistent approximations and boundary conditions for ice-sheet dynamics from a principle of least action}},
journal = {J. Glaciol.},
year = {2010},
volume = {56},
number = {197},
pages = {480--496}
}

@article{Ettema2009,
author = {J. Ettema and M. R. van den Broeke and E. van Meijgaard and W. J. van de Berg and J. L. Bamber and J. E. Box and R. C. Bales},
title = {{Higher surface mass balance of the Greenland ice sheet revealed by high-resolution climate modeling}}, 
year = {2009},
journal = {Geophys. Res. Lett.},
volume = {36, L12501},
doi = {10.1029/2009GL038110}
}

@Article{Fyke2014,
AUTHOR = {Fyke, J. G. and Sacks, W. J. and Lipscomb, W. H.},
TITLE = {A technique for generating consistent ice sheet initial conditions for coupled ice sheet/climate models},
JOURNAL = {Geosci. Model Dev.},
VOLUME = {7},
YEAR = {2014},
NUMBER = {3},
PAGES = {1183--1195},
DOI = {10.5194/gmd-7-1183-2014}
}

@article{gagliardini:2013iv,
author = {Gagliardini, O and Zwinger, T and Gillet-Chaulet, F and Durand, G and Favier, L and De Fleurian, B and Greve, R and Malinen, M and Martin, C and R{\aa}back, P and Ruokolainen, J and Sacchettini, M and Sch{\"a}fer, M and Seddik, H and Thies, J},
title = {{Capabilities and performance of Elmer/Ice, a new-generation ice sheet model}},
journal = {Geosci. Model Dev.},
year = {2013},
volume = {6},
number = {4},
pages = {1299--1318}
}

@article{Gladstone2010,
        title = {Parameterising the grounding line in flow-line ice sheet models},
        volume = {4},
        journal = {The Cryosphere},
        author = {R. M. Gladstone and A. J. Payne and S. L. Cornford},
        year = {2010},
        pages = {605--619},
},

@inproceedings{Goelzer2016,
author = {H. Goelzer and S. Nowicki and T. Payne and E. Larour and A. Abe Ouchi and J. Gregory and W. Lipscomb and H. Seroussi and A. Shepherd and Tamsin Edwards},
title = {ISMIP6 - initMIP: Greenland ice sheet model initialisation experiments},
year = {2016},
booktitle = {Geophys. Res. Abstr.},
volume = {18, EGU2016-13272},
organization = {EGU General Assembly}
}

@article{Goldberg2011,
author = {D. N. Goldberg},
title = {{A variationally derived, depth-integrated approximation to a higher-order glaciological flow model}},
journal = {J. Glaciol.},
year = {2011},
volume = {57},
number = {201},
pages = {157-170},
doi = {10.3189/002214311795306763}
}

@PhdThesis{Hagdorn2003,
  author = 	 {M. K. M. Hagdorn},
  title = 	 {Reconstruction of the Past and Forecast of the Future European and British Ice Sheets and Associated Sea Level Change},
  school = 	 {University of Edinburgh},
  year = 	 {2003},
  key = 	 {Numerics},
}

@article{Halfar1983,
author = {Halfar, P},
journal = {J. Geophys. Res.},
number = {C10},
pages = {6043--6051},
title = {{On the dynamics of the ice sheets 2}},
volume = {88},
year = {1983}
}

@ARTICLE{Hildes2004,
  author = {Hildes, D. H. D. and Clarke, G. K. C. and Flowers, G. E. and Marshall, S. J.},
  title = {Subglacial erosion and englacial sediment transport modelled for {North American} ice sheets},
  journal = {Quat. Sci. Rev.},
  year = {2004},
  volume = {23},
  pages = {409--430},
  keywords = {erosion},
  owner = {mhagdorn},
}

@ARTICLE{Hindmarsh2004,
  author = {Hindmarsh, R.C.A.},
  title = {A numerical comparison of approximations to the Stokes equations used in ice sheet and glacier modeling},
  journal = {J. Geophys. Res.},
  year = {2004},
  volume = {109},
  doi = {10.1029/2003JF000065}
}

@BOOK{Holton1992,
  title = {An Introduction to Dynamic Meteorology},
  publisher = {Academic Press},
  year = {1992},
  author = {J. R. Holton},
  volume = {48},
  series = {International Geophysics Series},
  address = {New York},
  edition = {3rd},
  key = {math},
}

@BOOK{Huebner2001,
  title = {The Finite Element Method for Engineers},
  author = {K. H. Huebner and D. L. Dewhirst and D. E. Smith and T. G. Byrom},
  year = {2001},
  publisher = {Wiley},
  address = {New York},
  edition = {4th},
}  

@BOOK{Hughes2000,
  title = {The Finite Element Method: Linear Static and Dynamic Finite Element Analysis},
  publisher = {Dover},
  year = {2000},
  author = {T.J.R. Hughes},
  series = {Dover Civil and Mechanical Engineering},
  address = {Mineola, New York},
  edition = {1st},
}

@article{Hurrell2013,
author = {J.W. Hurrell and M.M. Holland and P.R. Gent and S. Ghan and J.E. Kay and P.J. Kushner and J.-F. Lamarque and W.G. Large and D.M. Lawrence and K. Lindsay and W.H. Lipscomb and M.C. Long and N. Mahowald and D.R. Marsh and R.B. Neale and P. Rasch and S. Vavrus and M. Vertenstein and D. Bader and W.D. Collins and J.J. Hack and J.T. Kiehl and S. Marshall},
title = {The Community Earth System Model: A framework for collaborative research},
journal = {B. Am. Meteorol. Soc.},
year = {2013},
volume = {94},
pages = {1339--1360},
doi = {10.1175/BAMS-D-12-00121.1}
}

@BOOK{Hutter1983,
  title = {Theoretical Glaciology},
  publisher = {D. Reidel Publishing Company},
  year = {1983},
  author = {K. Hutter},
  series = {Mathematical Approaches to Geophysics},
  address = {Dordrecht, Boston, Lancaster},
  key = {glac},
}

@TECHREPORT{Huybrechts1986,
  author = {P. Huybrechts},
  title = {A Three--Dimensional Time--dependent Numerical Model for Polar Ice Sheets; some
	 basic testing with a stable and efficient finite difference scheme},
  institution = {Geografisch Instituut, Vrije Universiteit Brussel},
  year = {1986},
  address = {Belgium},
  key = {ism},
}

@article{Huybrechts1996,
author = {Huybrechts, Philippe and Payne, Tony and Group, The EISMINT Intercomparison},
journal = {Ann. Glaciol.},
pages = {1--12},
title = {{The EISMINT benchmarks for testing ice--sheet models}},
volume = {23},
year = {1996}
}


@article{joughin2010measures,
  title={MEaSUREs Greenland ice sheet velocity map from InSAR data},
  author={Joughin, I and Smith, B and Howat, IM and Scambos, T and Moon, T},
  journal={National Snow and Ice Data Center., Boulder, Colorado USA. doi: nsidc-0478.001},
  year={2010}
}

@article{Kirchner2011,
author = {Kirchner, Nina and Hutter, Kolumban and Jakobsson, Martin and Gyllencreutz, Richard},
doi = {10.1016/j.quascirev.2011.09.012},
issn = {02773791},
journal = {Quat. Sci. Rev.},
keywords = {spatial reconstructions},
month = dec,
number = {25-26},
pages = {3691--3704},
publisher = {Elsevier Ltd},
title = {{Capabilities and limitations of numerical ice sheet models: a discussion for Earth-scientists and modelers}},
volume = {30},
year = {2011}
}

@Article{Lambeck1980,
  author =  {K. Lambeck and S. M. Nakiboglu},
  title =  {Seamount loading and stress in the ocean lithosphere},
  journal =  {J. Geophys. Res.},
  year =  {1980},
  volume =  {85},
  pages =  {6403--6418},
}

@article{Larour2012,
author = {Larour, E. and Seroussi, H. and Morlighem, M. and Rignot, E.},
title =  {Continental scale, high order, high spatial resolution, ice sheet modeling using the Ice Sheet System Model (ISSM)},
year = {2012},
journal = {J. Geophys. Res.},
volume = {117, F01022},
doi = {10.1029/2011JF002140}
}

(2012), 

@article{Leguy2014,
author = {Leguy, G. R. and Asay-Davis, X. S. and Lipscomb, W. H.},
doi = {10.5194/tc-8-1239-2014},
issn = {1994-0424},
journal = {The Cryosphere},
month = jul,
number = {4},
pages = {1239--1259},
title = {{Parameterization of basal friction near grounding lines in a one-dimensional ice sheet model}},
volume = {8},
year = {2014}
}

@article{Leguy2020,
  title={Marine ice-sheet experiments with the Community Ice Sheet Model},
  author={Leguy, Gunter R and Lipscomb, William H and Asay-Davis, Xylar S},
  journal={The Cryosphere Discussions},
  pages={1--33},
  year={2020},
  publisher={Copernicus GmbH}
}


@article{Leng:2012ia,
author = {Leng, Wei and Ju, Lili and Gunzburger, Max and Price, Stephen and Ringler, Todd},
title = {{A parallel high-order accurate finite element nonlinear Stokes ice sheet model and benchmark experiments}},
journal = {J. Geophys. Res.},
year = {2012},
volume = {117},
number = {F1},
}

@article{Lenton2007,
author = {Lenton, T. M. and Marsh, R. and Price, A. R. and Lunt, D. J. and Aksenov, Y. and Annan, J. D. and Cooper-Chadwick, T. and Cox, S. J. and Edwards, N. R. and Goswami, S. and Hargreaves, J. C. and Harris, P. P. and Jiao, S. and Livina, V. N. and Payne, A. J. and Rutt, I. C. and Shepherd, J. G. and Valdes, P. J. and Williams, G. and Williamson, M. S. and Yool, A.},
title = { Effects of atmospheric dynamics and ocean resolution on bi-stability of the thermohaline circulation examined using the grid enabled integrated earth system modelling (GENIE) framework},
journal = {Clim. Dyn.},
year = {2007},
volume = {29},
number = {6},
pages = {591--613},
doi = {10.1007/s00382-007-0254-9}
}

@Article{Lipscomb2004,
  author =       {W. H. Lipscomb and E. C. Hunke},
  title =        {Modeling sea ice transport using incremental remapping},
  journal =      {Mon. Wea. Rev.},
  year =         2004,
  volume =     132,
  pages = {1341--1354},
}

@article {Lipscomb_2013,
author = {W. H. Lipscomb and J. G. Fyke and M. Vizcaino and W. J. Sacks and J. Wolfe and M. Vertenstein
          and A. Craig and E. Kluzek and D. M. Lawrence},
title = {Implementation and initial evaluation of the Glimmer Community Ice Sheet Model in the Community Earth System Model},
journal = {J. Climate},
year = {2013},
volume = {26},
pages = {7352--7371},
doi = {10.1175/JCLI-D-12-00557.1}
}

@article{Lipscomb2016,
    author = {W. H. Lipscomb and S. F. Price and M. J. Hoffman and K. J. Evans and J. G. Fyke and J. H. Kennedy and M. Perego and D. M. Ranken and W. J. Sacks and A. G. Salinger and L. Vargo and P. H. Worley},
    title = {{Description and evaluation of the Community Ice Sheet Model (CISM) v. 2.1}},
    year = {2016},
    journal = {Geosci. Model Dev.},
    note = {In preparation}
}

@article{MacAyeal:1989uo,
author = {MacAyeal, D R},
title = {{Large-scale ice flow over a viscous basal sediment - Theory and application to Ice Stream B, Antarctica}},
journal = {J. Geophys. Res.},
year = {1989},
volume = {94},
number = {B4},
pages = {4071--4087}
}

@article{MacAyeal:1996vn,
author = {MacAyeal, D R and Rommelaere, V and Huybrechts, P and Hulbe, C L and Determann, J and Ritz, C},
title = {{An ice-shelf model test based on the Ross Ice Shelf, Antarctica}},
journal = {Ann. Glaciol.},
year = {1996},
volume = {23},
pages = {46--51},
}

@ARTICLE{Manson2000,
  author = {J. R. Manson and S. G. Wallis},
  title = {A conservative, semi--{Lagrangian} fate and
	 transport model for fluvial systems --- 1. {Theoretical} development},
  journal = {Water Research},
  year = {2000},
  volume = {34},
  pages = {3769--3777},
  number = {15},
  keywords = {transport},
}

@ARTICLE{Manson1999,
  author = {J. R. Manson and S. G. Wallis},
  title = {Conservative semi--{Lagrangian} algorithm for pollutant transport in rivers},
  journal = {J. Environ. Eng.},
  year = {1999},
  volume = {125},
  pages = {486--489},
  number = {5},
  keywords = {transport},
}

@ARTICLE{Manson2000a,
  author = {J. R. Manson and S. G. Wallis and D. Wang},
  title = {A conservative, semi--{Lagrangian} fate and transport model for
	 fluvial systems --- 2. {Numerical} testing and practical applications},
  journal = {Water Res.},
  year = {2000},
  volume = {34},
  pages = {3778--3785},
  number = {15},
  keywords = {transport},
}

@Book{Metcalf1999,
  author = 	 {M. Metcalf and J. Reid},
  title = 	 {Fortran 90/95 explained},
  publisher = 	 {Oxford University Press},
  year = 	 {1999},
  address = 	 {Oxford},
  edition = 	 {2nd},
}

@article{Morlighem2011,
author = {M. Morlighem and E. Rignot and H. Seroussi and E. Larour and H. Ben Dhia and D. Aubry},
title =  {A mass conservation approach for mapping glacier ice thickness},
journal = {Geophys. Res. Lett.},
volume = {38, L19503},
year = {2011},
doi = {10.1029/2011GL048659}
}

@article{Nowicki2016,
    author = {S. M. J. Nowicki and T. Payne and E. Larour and H. Seroussi and H. Goelzer and W. Lipscomb and J. Gregory and A. Abe-Ouchi and and A. Shepherd},
    title = {{Ice Sheet Model Intercomparison Project (ISMIP6) contribution to CMIP6}},
    year = {2016},
    journal = {Geosci. Model Dev.},
    note = {Submitted}
}

@BOOK{O'Rourke1998,
  title = {Computational geometry in C},
  publisher = {Cambridge University Press},
  year = {1998},
  author = {O'Rourke, J.},
  address = {Cambridge},
  edition = {2nd},
  keywords = {numerics},
  owner = {mhagdorn},
}

@BOOK{Paterson1994,
  title = {The Physics of Glaciers},
  publisher = {Butterworth--Heinemann},
  year = {1994},
  author = {W. S. B. Paterson},
  address = {Oxford},
  edition = {3rd},
  key = {glaciology},
}

@article{PatersonBudd:1982,
author = {W.S.B. Paterson and W. F. Budd},
title = {{Flow parameters for ice sheet modeling}},
journal = {Cold Reg. Sci. Technol.},
year = {1982},
volume = {6},
pages = {175--177}
}

@article{Pattyn:2003tj,
author = {Pattyn, F},
title = {{A new three-dimensional higher-order thermomechanical ice sheet model: Basic sensitivity, ice stream development, and ice flow across subglacial lakes}},
journal = {J. Geophys. Res.},
year = {2003},
volume = {108},
number = {2382}
}

@article{Pattyn2006JGR,
	author = {Frank Pattyn},
	title = {Role of transition zones in marine ice sheet dynamics},
	year = {2006},
	doi = {10.1029/2005JF000394}
}

@article{Pattyn2008,
author = {Pattyn, F. and Perichon, L. and Aschwanden, A. and Breuer, B. and de Smedt, B. and Gagliardini, O. and Gudmundsson, G. H. and Hindmarsh, R. C. A. and Hubbard, A. and Johnson, J. V. and Kleiner, T. and Konovalov, Y. and Martin, C. and Payne, A. J. and Pollard, D. and Price, S. and R\"{u}ckamp, M. and Saito, F. and Sou\v{c}ek, O. and Sugiyama, S. and Zwinger, T.},
doi = {10.5194/tc-2-95-2008},
journal = {The Cryosphere},
number = {2},
pages = {95--108},
title = {{Benchmark experiments for higher-order and full-Stokes ice sheet models (ISMIP–-HOM)}},
volume = {2},
year = {2008}
}

@Article{Pattyn2012,
AUTHOR = {Pattyn, F. and Schoof, C. and Perichon, L. and Hindmarsh, R. C. A. and Bueler, E. and de Fleurian, B. and Durand, G. and Gagliardini, O. and Gladstone, R. and Goldberg, D. and Gudmundsson, G. H. and Huybrechts, P. and Lee, V. and Nick, F. M. and Payne, A. J. and Pollard, D. and Rybak, O. and Saito, F. and Vieli, A.},
TITLE = {Results of the Marine Ice Sheet Model Intercomparison Project, MISMIP},
JOURNAL = {The Cryosphere},
VOLUME = {6},
YEAR = {2012},
NUMBER = {3},
PAGES = {573--588},
DOI = {10.5194/tc-6-573-2012}
}

@article{Pattyn2013,
	title = { Grounding-line migration in plan-view marine ice-sheet models: results of the ice2sea MISMIP3d intercomparison},
	author = {Pattyn, Frank and Perichon, Laura and Durand, Ga{\"e}l and Favier, Lionel and Gagliardini, Olivier and Hindmarsh, Richard CA and Zwinger, Thomas and Albrecht, Torsten and Cornford, Stephen and Docquier, David and others},
	journal = {Journal of Glaciology},
	volume = {59},
	number = {215},
	pages = {410--422},
	year = {2013},
	publisher={International Glaciological Society}
}


@ARTICLE{Payne1999,
  author = {A. J. Payne},
  title = {A thermomechanical model of ice flow in {W}est {A}ntarctica},
  journal = {Clim. Dyn.},
  year = {1999},
  volume = {15},
  pages = {115--125},
  key = {ism},
}

@ARTICLE{Payne1997,
  author = {A. J. Payne and P. W. Dongelmans},
  title = {Self--organisation in the thermomechanical flow of ice sheets},
  journal = {J. Geophys. Res.},
  year = {1997},
  volume = {102},
  pages = {12219-12233},
  number = {B6},
  key = {ism},
}

@article{Payne2000,
author = {Payne, A J and Huybrechts, P and Calov, R and Fastook, J L and Greve, R and Marshall, S J and Marsiat, I and Ritz, C and Tarasov, L and Thomassen, M P A},
journal = {J. Glaciol.},
number = {153},
pages = {227--238},
title = {{Results from the EISMINT model intercomparison: the effects of thermomechanical coupling}},
volume = {46},
year = {2000}
}

@ARTICLE{Peltier2000,
  author = {W. R. Peltier and D. L. Goldsby and D. L. Kohlstedt and L. Tarasov},
  title = {Ice--age ice--sheet rheology: constraints from
	 the {L}ast {G}lacial {M}aximum form of the {L}aurentide ice sheet},
  journal = {Ann. Glaciol.},
  year = {2000},
  volume = {30},
  pages = {163--176},
  key = {ism},
}

@ARTICLE{Perego2012,
  author = {M. Perego and M. Gunzburger and J. Burkardt},
  title = {Parallel finite-element implementation for higher-order ice sheet models},
  journal = {J. Glaciol.},
  volume = {58},
  pages = {76--88},
  year = {2012},
  doi = {10.3189/2012JoG11J063},
  key = {ism},
}

@article{Perego2014,
author = {M. Perego and S. Price and G. Stadler},
title = {{Optimal initial conditions for coupling ice sheet models to Earth system models}},
journal = {J. Geophys. Res.},
volume = {119},
pages = {1894--1917},
year = {2014},
doi = {10.1002/2014jf003181}
}

@Article{Pfeffer:2008,
    author = {Pfeffer, W T and Harper, J T and Neel, S},
    title = {Kinematic constraints on glacier contributions to 21st-century sea-level rise.},
    journal = {Science},
    volume = {321},
    year = {2008},
    number = {5894},
    pages = {1340--1343},
    url = {http://www.biomedsearch.com/nih/Kinematic-constraints-glacier-contributions-to/18772435.html},
    PubMedID = {18772435},
ISSN = {1095-9203}
}

@article{Pimentel2010a,
author = {Pimentel, S. and Flowers, G. E. and Schoof, C. G.},
doi = {10.1029/2009JF001621},
issn = {0148-0227},
journal = {J. Geophys. Res.},
month = nov,
number = {F4},
pages = {1--16},
title = {{A hydrologically coupled higher-order flow-band model of ice dynamics with a Coulomb friction sliding law}},
volume = {115},
year = {2010}
}

@article{Pollard:2009ed,
author = {Pollard, David and Deconto, Robert M},
title = {{Modelling West Antarctic ice sheet growth and collapse through the past five million years}},
journal = {Nature},
year = {2009},
volume = {458},
number = {7236},
pages = {329--332},
month = sep
}

@ARTICLE{Prather1986,
  author = {Prather, M. J.},
  title = {Numerical advection by conservation of second--order moments},
  journal = {J. Geophys. Res.},
  year = {1986},
  volume = {91},
  pages = {6671--6681},
  number = {D6},
  keywords = {transport},
  owner = {mhagdorn},
}

@BOOK{Press1992,
  title = {Numerical Recipes in FORTRAN},
  publisher = {Cambridge University Press},
  year = {1992},
  author = {W.H. Press and S.A. Teukolsky and W.T. Vetterling and B.P. Flannery},
  edition = {2nd},
  category = {Numerics},
  keywords = {numerics},
}

@article{Price2011,
author = {Price, Stephen F and Payne, Antony J and Howat, Ian M and Smith, Benjamin E},
doi = {10.1073/pnas.1017313108},
issn = {1091-6490},
journal = {Proc. Natl. Acad. Sci. USA},
keywords = {Climate Change,Global Warming,Greenland,Humans,Ice,Ice Cover,Models, Statistical,Models, Theoretical,Seasons,Time Factors,Water Movements},
mendeley-groups = {CISM refs},
month = may,
number = {22},
pages = {8978--83},
pmid = {21576500},
title = {{Committed sea-level rise for the next century from Greenland ice sheet dynamics during the past decade.}},
volume = {108},
year = {2011}
}

@article{Raymond2000,
author = {Raymond, C F},
title = {{Energy balance of ice streams}},
journal = {J. Glaciol.},
year = {2000},
volume = {46},
number = {155},
pages = {665--674}
}

@INPROCEEDINGS{Ritz1987,
  author = {C. Ritz},
  title = {Time dependent boundary conditions for calculation of temperature fields in ice sheets},
  booktitle = {The Physical Basis of Ice Sheet Modelling},
  year = {1987},
  number = {170},
  series = {IAHS Publications},
  pages = {207--216},
  keywords = {ism},
}

@manual{Rommelaere1996,
author = {V. Rommelaere},
title = {Ice Shelf Models Intercomparison: Setup of the experiments},
url = {http://homepages.vub.ac.be/~phuybrec/eismint/shelf-descr.pdf},
year = {1996 (accessed 13 May 2016)} 
}

@article{Rutt2009,
        Author = {I.C. Rutt and M. Hagdorn and N.R.J. Hulton and A.J. Payne},
        Journal = {J. Geophys. Res.},
        Pages = {F02004},
        Title = {{The Glimmer community ice sheet model}},
        Volume = 114,
        Year = 2009
}

@article{Schoof2005,
author = {Schoof, C.},
doi = {10.1098/rspa.2004.1350},
issn = {1364-5021},
journal = {Proc. R. Soc. A},
keywords = {cavitation,contact problem,friction law,glacier sliding,hilbert problem},
month = mar,
number = {2055},
pages = {609--627},
title = {{The effect of cavitation on glacier sliding}},
volume = {461},
year = {2005}
}

@article{Schoof2006,
author = {Schoof, C},
title = {{A variational approach to ice stream flow}},
journal = {J. Fluid Mech.},
year = {2006},
volume = {556},
pages = {227--251}
}

@article{Schoof2007,
	title = {Ice sheet grounding line dynamics: Steady states, stability, and hysteresis},
	volume = {112},
	shorttitle = {Ice sheet grounding line dynamics},
	number = {10.1029},
	journal = {J. Geophys. Res},
	author = {Schoof, C.},
	year = {2007}
}


@article{Schoof:2010dl,
author = {Schoof, C and Hindmarsh, R C A},
title = {{Thin-film flows with wall slip: an asymptotic analysis of higher order glacier flow models}},
journal = {Q. J. Mech. Appl. Math.},
year = {2010},
volume = {63},
number = {1},
pages = {73--114},
}

@article{Schoof:2013is,
author = {Schoof, Christian and Hewitt, Ian},
title = {{Ice-sheet dynamics}},
journal = {Ann. Rev. Fluid Mech.},
year = {2013},
volume = {45},
pages = {217--239}
}

@Article{Seroussi2014,
AUTHOR = {Seroussi, H. and Morlighem, M. and Larour, E. and Rignot, E. and Khazendar, A.},
TITLE = {Hydrostatic grounding line parameterization in ice sheet models},
JOURNAL = {The Cryosphere},
VOLUME = {8},
YEAR = {2014},
NUMBER = {6},
PAGES = {2075--2087},
DOI = {10.5194/tc-8-2075-2014}
}

@ARTICLE{Staniforth1991,
  author = {Staniforth, A. and C\^ot\'e, J.},
  title = {Semi--{L}agrangian integration schemes for atmospheric models --- a review},
  journal = {Mon. Wea. Rev.},
  year = {1991},
  volume = {119},
  pages = {2206--2223},
  keywords = {transport},
  owner = {mhagdorn},
}

@ARTICLE{Tarasov2000,
  author = {L. Tarasov and W. R. Peltier},
  title = {Laurentide ice sheet aspect ratio in models based on {G}len's flow law},
  journal = {Ann. Glaciol.},
  year = {2000},
  volume = {30},
  pages = {177--186},
  key = {ism},
}

@ARTICLE{Tarasov1999,
  author = {L. Tarasov and W. R. Peltier},
  title = {Impact of thermomechanical ice sheet coupling on a model of the 100kyr ice age cycle},
  journal = {J. Geophys. Res.},
  year = {1999},
  volume = {104},
  pages = {9517--9545},
  number = {D8},
  key = {ism},
}

@Article{Tezaur2015,
AUTHOR = {Tezaur, I. K. and Perego, M. and Salinger, A. G. and Tuminaro, R. S. and Price, S. F.},
TITLE = {Albany/FELIX: a parallel, scalable and robust, finite element, first-order Stokes approximation ice sheet solver built for advanced analysis},
JOURNAL = {Geosci. Model Dev.},
VOLUME = {8},
YEAR = {2015},
NUMBER = {4},
PAGES = {1197--1220},
DOI = {10.5194/gmd-8-1197-2015}
}

@TECHREPORT{Tushingham1993,
  author = {A. M. Tushingham and W. R. Peltier},
  title = {Relative Sea Level Database. {IGBP
	 PAGES/World} {D}ata {C}enter-{A} for Paleoclimatology Data Contribution},
  institution = {NOAA/NGDC Paleoclimatology Program},
  year = {1993},
  number = {93-016},
  address = {Boulder CO, USA},
  keywords = {data},
}

@Article{vanAngelen2012,
AUTHOR = {van Angelen, J. H. and Lenaerts, J. T. M. and Lhermitte, S. and Fettweis, X. and Kuipers Munneke, P. and van den Broeke, M. R. and van Meijgaard, E. and Smeets, C. J. P. P.},
TITLE = {{Sensitivity of Greenland Ice Sheet surface mass balance to surface albedo parameterization:  a study with a regional climate model}},
JOURNAL = {The Cryosphere},
VOLUME = {6},
YEAR = {2012},
NUMBER = {5},
PAGES = {1175--1186},
DOI = {10.5194/tc-6-1175-2012}
}

@article{Weertman1957,
author = {Weertman, J.},
journal = {J. Glaciol.},
pages = {33--38},
title = {{On the sliding of glaciers}},
volume = {3},
year = {1957}
}

@article{Weertman1964,
author = {Weertman, J.},
journal = {J. Glaciol.},
number = {39},
pages = {287--303},
title = {{The theory of glacier sliding}},
volume = {5},
year = {1964}
}

@article{2004JF000202,
	author = {Frank Pattyn},
	title = {Assessing the ability of numerical ice sheet models to simulate grounding line migration},
	year = {2005},
	doi = {10.1029/2004JF000202}
}

@Book{Gershenfeld:1999,
  author   	= {Gershenfeld, N.},
  title    	= {The Nature of Mathematical Modeling},
  year   	= {1999},
  publisher   	= {Cambridge University Press}
}

@Book{Demkowicz:2007,
	author = {L. Demkowicz and J. Kurtz and D. Pardo and W. Rachowicz and M. Paszynski and A. Zdunek},
	title = {Computing with Hp-Adaptive Finite Elements},
	booktitle = {Three Dimensional Elliptic and Maxwell Problharems with Applications},
	publisher = {Chapman and Hall, CRC Press},
	year = 2007
}
@misc{glimmerdoc,
	author = {M. Hagdorn and I. Rutt and N. R. Hulton and A. J. Payne},
	title = {The 'Glimmer' community ice sheet model},
	journal = {J. Geophys. Res.},
	year = {2008},
	doi = {10.1029/}
}

@Book{Huybrechts:1998,
  author   	= {P. Huybrechts and A. Abe-Ouchi and I. Marsiat and F. Pattyn and T. Payne and C. Ritz and V. Rommelaere},
  title    	= {Report of the Third {EISMINT} Workshop on Model Intercomparison},
  year   	= {1998},
  pages   	= {140},
  publisher   	= {European Science Foundation (Strasbourg)},
  
}

@misc{phamldoc,
	author = {William F. Mitchell},
	title = {PHAML User's Guide},
	journal = {NISTIR 7374},
	year = {2010}
}
@article{mitchell:hp,
	author = {William F. Mitchell, Majorie A. MClain},
	title = {A Survey of hp-Adaptive Strategies for Elliptic Partial Differential Equations},
	journal = {Annals of the European Academy of Sciences},
	number = {preprint},
	year = {2010}
}

@article{mitchell:2d,
	author = {William F. Mitchell},
	title = {A Collection of 2D Elliptic Problems for Testing Adaptive Algorithms},
	journal = {NISTIR 7668},
	year = {2010}
}

@article{Bergetal2006b,
	author = {Van Den Berg},
	title = {Effects of spatial discretization in ice-sheet modelling using the shallow-ice approximation},
	journal = {J. Glaciol.},
	volume = {52},
	number = {176},
	pages = {89},
	year = {2006}
}
@article{a46a079,
	author = {Fuyuki},
	title = {An imporoved numerical scheme to compute horizontal gradients at the ice-sheet margin: its effect on the simulated ice thickness and temperature},
	journal = {Ann. Glaciol.},
	number = {46},
	pages = {87},
	year = {2007}
}

@article{mismip4,
	author = {Schoof Pattyn Hindmarsh},
	title = {MISMIP: Marine ice sheet model intercomparison project},
	year = {2008},
	doi = {10.1029/2004GL022024.}
}

@Article{Pattyn2003,
  author   	= {F. Pattyn},
  title    	= {A new three-dimensional higher-order thermomechanical ice-sheet model: basic
      	 sensitivity, ice-stream development and ice flow across subglacial lakes},
  volume   	= {108},
  year   	= {2003},
  doi   	= {10.1029/2002JB002329},
  pages   	= {2382},
  journal   	= {J. Geophys. Res.},
  number   	= {B8},
}

@Article{Pollard:2009,
  author   	= {David Pollard and Robert M. DeConto},
  title    	= {Modelling West Antarctic ice sheet growth and collapse through the past five million years},
  volume   	= {458},
  year   	= {2009},
  pages   	= {229--232},
  journal   	= {Nature},
  doi   	= {10.1038/nature07809},
  
}

@incollection{shewchuk96b,
	author = {Jonathan Richard Shewchuk},
	title = {Triangle:  {E}ngineering a {2D} {Q}uality {M}esh {G}enerator and
  		{D}elaunay {T}riangulator},
	booktitle = {Applied Computational Geometry:  Towards Geometric Engineering},
	editor = {Ming C. Lin and Dinesh Manocha},
	series = {Lecture Notes in Computer Science},
	volume = 1148,
	publisher = {Springer-Verlag},
	pages = {203--222},
	month = may,
	year = 1996,
	note = {From the First ACM Workshop on Applied Computational Geometry}
}

@article{shewchuk97a,
	author = {Jonathan Richard Shewchuk},
	title = {Adaptive {P}recision {F}loating-{P}oint {A}rithmetic and {F}ast
	  {R}obust {G}eometric {P}redicates},
	journal = {Discrete \& Computational Geometry},
	volume = 18,
	number = 3,
	pages = {305--363},
	month = oct,
	year = 1997
}


@Misc{NetCDF:website,
  author	= {Unidata},
  title	= {Unidata},
  month	= {Accessed May},
  year	= {2010},
  url	= {http://www.unidata.ucar.edu/software/netcdf/}
}

@Misc{PHAML:website,
  author	= {William Mitchell},
  title	= {PHAML},
  month	= {Accessed May},
  year	= {2010},
  url   = {http://math.nist.gov/phaml/}
}

@Misc{Triangle:website,
  author= {Jonathan Richard Shewchuk},
  title	= {Triangle},
  month	= {Accessed May},
  year	= {2010},
  url   = {http://www.cs.cmu.edu/~quake/triangle.html}
}

@Misc{cism:website,
  author= {CISM Community},
  title	= {Glimmer, the Community Ice Sheet Model},
  month	= {Accessed May},
  year	= {2010},
  url   = {http://glimmer-cism.berlios.de/}
}

@Misc{cismwiki:website,
  author	= {CISM Community Wiki},
  title	= {Development of a Community Ice Sheet Model},
  month	= {Accessed May},
  year	= {2010},
  url   = {http://websrv.cs.umt.edu/isis/index.php/Main_Page}
}

@Misc{doxygen:website,
  author	= {Dimitri},
  title	= {Doxygen},
  month	= {Accessed May},
  year	= {2010},
  url   = {http://www.stack.nl/~dimitri/doxygen/index.html}
}


@article{McGranahan:2007,
	author = {McGranahan, G and Balk, D and Anderson, B},
	title = {The rising tide: assessing the risks of climate change and human settlements in low elevation coastal zones},
	journal = {Environment and Urbanization},
	volume = {19},
	number = {1},
	pages = {17-37},
	year = {2007},
	doi = {10.1177/0956247807076960}
}

@Misc{sheehan:website,
  author	= {Sheehan, John D.},
  title	= {Finite Element},
  month	= {Accessed June},
  year	= {2010},
  url   = {http://homepages.dias.ie/~js/000_finiteElement.php}
}

@book{IPCC2007,
  author = {IPCC},
  interhash = {79b2aa3cd8b8dcfdaf4fbd005c246fb0},
  intrahash = {ee8fa5001c307e9d40938c70c508cb77},
  publisher = {Geneva: IPCC},
  title = {Fourth Assessment Report: Climate Change 2007: The AR4 Synthesis Report},
  url = {http://www.ipcc.ch/ipccreports/ar4-wg1.htm},
  year = 2007,
  keywords = {climate international science},
  biburl = {http://www.bibsonomy.org/bibtex/2ee8fa5001c307e9d40938c70c508cb77/sustdev_ac},
  abstract = {Working Group I reports on the Physical Science Basis of Climate Change. This report addresses the key areas of climate change research and shows that the warming of the climate system is unequivocal. Working Group II examines the future likely impacts of climate change on the planet, its vulnerability and capacity to adapt. The content of the report is wide-ranging, outlining predicted impacts for all continents and identifying major systems with specific detail.}
}
